<record><leader>00000cas a2200000 a 4500</leader><controlfield tag="001">3787143</controlfield><controlfield tag="008">780407c19789999nyudn ne      0   a0eng c</controlfield><datafield ind1=" " ind2=" " tag="010"><subfield code="a">sn 79004006 </subfield></datafield><datafield ind1=" " ind2=" " tag="040"><subfield code="a">COA</subfield><subfield code="b">eng</subfield><subfield code="c">COA</subfield><subfield code="d">NSD</subfield><subfield code="d">UNP</subfield><subfield code="d">DLC</subfield><subfield code="d">AIP</subfield><subfield code="d">NST</subfield><subfield code="d">NSD</subfield><subfield code="d">DLC</subfield><subfield code="d">OCL</subfield><subfield code="d">NSD</subfield><subfield code="d">KNP</subfield><subfield code="d">NVF</subfield><subfield code="d">DLC</subfield><subfield code="d">OCL</subfield><subfield code="d">NYS</subfield><subfield code="d">OCLCQ</subfield><subfield code="d">CDS</subfield><subfield code="d">HNK</subfield><subfield code="d">OCLCQ</subfield><subfield code="d">CLU</subfield><subfield code="d">OCLCQ</subfield><subfield code="d">DLC</subfield><subfield code="d">OCLCQ</subfield><subfield code="d">OCLCF</subfield><subfield code="d">INU</subfield><subfield code="d">OCLCQ</subfield></datafield><datafield ind1=" " ind2=" " tag="019"><subfield code="a">877776970</subfield></datafield><datafield ind1="0" ind2=" " tag="022"><subfield code="a">0193-2241</subfield><subfield code="l">0193-2241</subfield><subfield code="z">0043-0080</subfield><subfield code="2">1</subfield></datafield><datafield ind1="1" ind2=" " tag="029"><subfield code="a">AU@</subfield><subfield code="b">000004617305</subfield></datafield><datafield ind1="1" ind2=" " tag="029"><subfield code="a">NZ1</subfield><subfield code="b">4514767</subfield></datafield><datafield ind1=" " ind2=" " tag="032"><subfield code="a">664880</subfield><subfield code="b">USPS</subfield></datafield><datafield ind1=" " ind2=" " tag="037"><subfield code="b">Wall Street Journal, 200 Burnett Road, Chicopee, Mass. 01021</subfield></datafield><datafield ind1=" " ind2=" " tag="042"><subfield code="a">nsdp</subfield><subfield code="a">pcc</subfield></datafield><datafield ind1=" " ind2=" " tag="043"><subfield code="a">n-us-co</subfield></datafield><datafield ind1="0" ind2="0" tag="050"><subfield code="a">Newspaper</subfield></datafield><datafield ind1="1" ind2="4" tag="050"><subfield code="a">HG1</subfield><subfield code="b">.W26</subfield></datafield><datafield ind1="0" ind2=" " tag="130"><subfield code="a">Wall Street journal (Western ed.)</subfield></datafield><datafield ind1="0" ind2=" " tag="210"><subfield code="a">Wall Str. j., West. ed.</subfield></datafield><datafield ind1=" " ind2="4" tag="222"><subfield code="a">The Wall Street journal. Western edition</subfield></datafield><datafield ind1="1" ind2="4" tag="245"><subfield code="a">The Wall Street journal.</subfield></datafield><datafield ind1=" " ind2=" " tag="250"><subfield code="a">Western ed.</subfield></datafield><datafield ind1=" " ind2=" " tag="260"><subfield code="a">Denver, Colo. :</subfield><subfield code="b">Dow Jones &amp; Co.</subfield></datafield><datafield ind1=" " ind2=" " tag="300"><subfield code="a">volumes</subfield></datafield><datafield ind1=" " ind2=" " tag="310"><subfield code="a">Daily (except Sundays and legal holidays),</subfield><subfield code="b">Sept. 7, 2005-</subfield></datafield><datafield ind1=" " ind2=" " tag="321"><subfield code="a">Daily (except Saturday and Sunday and legal holidays)</subfield></datafield><datafield ind1=" " ind2=" " tag="336"><subfield code="a">text</subfield><subfield code="b">txt</subfield><subfield code="2">rdacontent</subfield></datafield><datafield ind1=" " ind2=" " tag="337"><subfield code="a">unmediated</subfield><subfield code="b">n</subfield><subfield code="2">rdamedia</subfield></datafield><datafield ind1=" " ind2=" " tag="338"><subfield code="a">volume</subfield><subfield code="b">nc</subfield><subfield code="2">rdacarrier</subfield></datafield><datafield ind1="1" ind2=" " tag="362"><subfield code="a">Began in 1978?</subfield></datafield><datafield ind1=" " ind2=" " tag="500"><subfield code="a">Published: Palo Alto, Calif, &lt;Jan. 3, 1994-&gt;; New York, N.Y., &lt;July 2005-&gt;</subfield></datafield><datafield ind1=" " ind2=" " tag="500"><subfield code="a">Some issues for &lt;Aug. 27, 1991-&gt; have slight subregional differences in content and differing dateline.</subfield></datafield><datafield ind1=" " ind2=" " tag="588"><subfield code="a">Description based on: Vol. 114, no. 64 (Apr. 2, 1986).</subfield></datafield><datafield ind1=" " ind2=" " tag="588"><subfield code="a">Latest issue consulted: Vol. 246, no. 84 (Oct. 21, 2005).</subfield></datafield><datafield ind1=" " ind2="0" tag="651"><subfield code="a">Denver (Colo.)</subfield><subfield code="v">Newspapers.</subfield></datafield><datafield ind1=" " ind2="0" tag="651"><subfield code="a">Palo Alto (Calif.)</subfield><subfield code="v">Newspapers.</subfield></datafield><datafield ind1=" " ind2="7" tag="651"><subfield code="a">California</subfield><subfield code="z">Palo Alto.</subfield><subfield code="2">fast</subfield><subfield code="0">(OCoLC)fst01212098</subfield></datafield><datafield ind1=" " ind2="7" tag="651"><subfield code="a">Colorado</subfield><subfield code="z">Denver.</subfield><subfield code="2">fast</subfield><subfield code="0">(OCoLC)fst01205192</subfield></datafield><datafield ind1=" " ind2="7" tag="655"><subfield code="a">Newspapers.</subfield><subfield code="2">fast</subfield><subfield code="0">(OCoLC)fst01423814</subfield></datafield><datafield ind1=" " ind2=" " tag="752"><subfield code="a">United States</subfield><subfield code="b">Colorado</subfield><subfield code="c">Denver</subfield><subfield code="d">Denver.</subfield></datafield><datafield ind1=" " ind2=" " tag="752"><subfield code="a">United States</subfield><subfield code="b">New York</subfield><subfield code="c">New York</subfield><subfield code="d">New York.</subfield></datafield><datafield ind1="0" ind2=" " tag="775"><subfield code="t">Wall Street journal (Eastern ed.)</subfield><subfield code="g">&lt;1978?-&gt;</subfield><subfield code="x">0099-9660</subfield><subfield code="w">(DLC)sn 79004569</subfield><subfield code="w">(OCoLC)4299067</subfield></datafield><datafield ind1="0" ind2=" " tag="775"><subfield code="t">Wall Street journal (Southwest ed.)</subfield><subfield code="g">&lt;1978?&gt;1996-</subfield><subfield code="x">0193-225X</subfield><subfield code="w">(DLC)sn 79007360</subfield><subfield code="w">(OCoLC)5166090</subfield></datafield><datafield ind1="0" ind2=" " tag="775"><subfield code="t">Wall Street journal (Midwest ed.)</subfield><subfield code="g">&lt;1978?&gt;-1996</subfield><subfield code="x">0163-089X</subfield><subfield code="w">(DLC)sn 79004570</subfield><subfield code="w">(OCoLC)4299121</subfield></datafield><datafield ind1="0" ind2=" " tag="775"><subfield code="t">Wall Street journal (Central ed.)</subfield><subfield code="g">1997-</subfield><subfield code="x">1092-0935</subfield><subfield code="w">(DLC)sn 96002949</subfield><subfield code="w">(OCoLC)36098632</subfield></datafield><datafield ind1="0" ind2=" " tag="775"><subfield code="t">Wall Street journal (Europe)</subfield><subfield code="g">Jan. 31, 1983-</subfield><subfield code="x">0921-9986</subfield><subfield code="w">(DLC)sc 83002468</subfield><subfield code="w">(OCoLC)9524653</subfield></datafield><datafield ind1="0" ind2=" " tag="775"><subfield code="t">Asian Wall Street journal</subfield><subfield code="g">&lt;1978?&gt;-Oct. 14/16, 2005</subfield><subfield code="x">0377-9920</subfield><subfield code="w">(DLC)sn 78006295</subfield><subfield code="w">(OCoLC)2841673</subfield></datafield><datafield ind1="0" ind2=" " tag="775"><subfield code="t">Wall Street journal Asia</subfield><subfield code="g">Oct. 17, 2005-</subfield><subfield code="w">(DLC)  2005261162</subfield><subfield code="w">(OCoLC)62107492</subfield></datafield><datafield ind1="0" ind2=" " tag="775"><subfield code="t">Asian Wall Street journal. Weekly</subfield><subfield code="g">Apr. 30, 1979-July 1/7, 2002</subfield><subfield code="x">0191-0132</subfield><subfield code="w">(DLC)sc 79005497</subfield><subfield code="w">(OCoLC)4771470</subfield></datafield><datafield ind1="0" ind2="8" tag="776"><subfield code="i">Microfilm version:</subfield><subfield code="t">Wall Street journal (Western ed.).</subfield><subfield code="d">University Microfilms International</subfield><subfield code="x">0193-2241</subfield><subfield code="w">(OCoLC)28240030</subfield></datafield><datafield ind1="2" ind2="0" tag="891"><subfield code="9">853</subfield><subfield code="8">1</subfield><subfield code="a">v.</subfield><subfield code="b">no.</subfield><subfield code="u">var</subfield><subfield code="v">r</subfield><subfield code="i">(year)</subfield><subfield code="j">(month)</subfield><subfield code="k">(day)</subfield><subfield code="w">d</subfield><subfield code="x">01,07</subfield></datafield><datafield ind1="4" ind2="1" tag="891"><subfield code="9">863</subfield><subfield code="8">1.1</subfield><subfield code="a">&lt;246 &gt;</subfield><subfield code="b">&lt;68 &gt;</subfield><subfield code="i">&lt;2005 &gt;</subfield><subfield code="j">10 &gt;</subfield><subfield code="k">&lt;03 &gt;</subfield></datafield></record>